% Place for the reference
@software{github,
  author = {Lisa, Mona and Bot, Hew},
  month = {12},
  title = {{ASI Homework code}},
  url = {https://github.com/github-linguist/linguist},
  year = {20}
}s